@article{An1,
  author  = {S. S. Antman},
  title   = {Ordinary differential eqautions of non-linear elasticity~I: Foundations of the theories of non-linear elastic rods and shells},
  journal = {Archive for Rational Mechanics and Analysis},
  volume  = {61},
  pages   = {307-351},
  year    = {1976}
}

@article{An2,
  author  = {S. S. Antman},
  title   = {Dynamical Problems for Geometrically Exact Theories of Nonlinearly Viscoelastic rods},
  journal = {J. Nonlinear Sci.},
  volume  = {6},
  pages   = {1-18},
  year    = {1996}
}

@article{An3,
  author  = {S. S. Antman and M. Lanza de Christoforis},
  title   = {Peculiar instabilities due to the clamping of shearable rods},
  journal = {Int. J. Non-linear Mechanics},
  volume  = {23},
  pages   = {31-54},
  year    = {1997}
}

@article{Bh,
  author  = {A. Bhaskar},
  title   = {Elastic waves in Timoshenko beams: the `lost and found' of an eigenmode},
  journal = {Proc. R. Soc. A},
  volume  = {465},
  pages   = {239-255},
  year    = {2009}
}

@article{Bochicchio2020,
  author  = {I. Bochicchio and M. Campo and J. R. Fernandez and M. Grazia Naso},
  title   = {Analysis of a Thermoelastic Timoshenko Beam Model},
  journal = {Acta Mechanica},
  year    = {2020}
}

@article{Co,
  author  = {G. R. Cowper},
  title   = {The shear coefficient in Timoshenko's beam theory},
  journal = {Journal of Applied Mechanics},
  volume  = {33},
  pages   = {335-340},
  year    = {1966}
}

@book{Fung1965,
  author    = {Y. C. Fung},
  title     = {Foundations of Solid Mechanics},
  publisher = {Prentice-Hall Inc.},
  address   = {Englewood Cliffs},
  year      = {1965}
}

@article{LL,
  author  = {M. Levinson and D. W. Cooke},
  title   = {On the two frequency spectra of Timoshenko Beams},
  journal = {Journal of Sound and Vibration},
  volume  = {84},
  number  = {3},
  pages   = {319-326},
  year    = {1981}
}

@article{LL91,
  author  = {J. E. Lagnese and G. Leugering},
  title   = {Uniform stabilization of a nonliner beam by nonliner boundary feedback},
  journal = {Journal of Differential Equations},
  volume  = {91},
  pages   = {355-388},
  year    = {1991}
}

@article{LVV09,
  author  = {Labuschagne, A. and van Rensburg, N. F. J. and van der Merwe, A. J.},
  title   = {Comparison of linear beam theories},
  journal = {Math. Comput. Model.},
  volume  = {49},
  pages   = {20--30},
  year    = {2009}
}

@article{McK99,
  author  = {McKenna, P. J.},
  title   = {Large Torsional Oscillations in Suspension Bridges Revisited: Fixing an Old Approximation},
  journal = {Am. Math. Monthly},
  volume  = {106},
  number  = {1},
  pages   = {1--18},
  year    = {1999}
}

@book{Rud53,
  author    = {Walter Rudin},
  title     = {Principles of Mathematical Analysis},
  publisher = {McGraw-Hill Book Company, Inc.},
  address   = {New York-Toronto-London},
  year      = {1953}
}

@book{Sadd05,
  author    = {Sadd, M. H.},
  title     = {Elasticity. Theory, Applications and Numerics},
  publisher = {Academic Press},
  address   = {Burlington},
  year      = {2005},
  pages     = {123--138}
}

@article{SP06,
  author  = {Stephen, N. G. and Puchegger, S.},
  title   = {On the valid frequency range of Timoshenko beam theory},
  journal = {J. Sound Vib.},
  volume  = {297},
  pages   = {1082--1087},
  year    = {2006}
}

@article{SP6,
  author  = {Simo, J. C. and Vu-Quoc, L.},
  title   = {On the dynamics of flexible beams under large overall motions - the plane case: Part I},
  journal = {J. Appl. Mech.},
  volume  = {53},
  pages   = {849--854},
  year    = {1986}
}

@article{SP7,
  author  = {Simo, J. C. and Vu-Quoc, L.},
  title   = {The role of nonlinear theories in transient dynamic analysis of flexible structures},
  journal = {J. Sound Vib.},
  volume  = {119},
  number  = {3},
  pages   = {487--508},
  year    = {1987}
}

@article{SR79,
  author  = {Sapir, M. and Reiss, L.},
  title   = {Dynamic Buckling of a Nonlinear Timoshenko Beam},
  journal = {Siam J. Appl. Math.},
  volume  = {37},
  number  = {2},
  pages   = {290--301},
  year    = {1979}
}

@book{Ti2,
  author  = {Timoshenko, S.},
  title   = {Vibration problems in engineering},
  edition = {2nd},
  year    = {1937}
}

@book{Ti21,
  author = {Timoshenko, S.},
  title  = {******},
  year   = {1921}
}

@article{VanRensburg06,
  author  = {van Rensburg, N. F. J. and van der Merwe, A. J.},
  title   = {Natural frequencies and modes of a Timoshenko beam},
  journal = {Wave Motion},
  volume  = {44},
  pages   = {58--69},
  year    = {2006}
}

@article{VanRensburg18,
  author  = {D. Civin and N. F. J. van Rensburg and A. J. van der Merwe},
  title   = {Using energy methods to compare linear vibration models},
  journal = {Applied Mathematics and Computation},
  volume  = {321},
  pages   = {602-613},
  year    = {2018}
}

@article{Wu2006,
  author  = {Wu, Shen R.},
  title   = {Lumped Mass matrix in explicit finite element method for transient dynamics of elasticity},
  journal = {Computer Methods in Applied Mechanics and Engineering},
  volume  = {195},
  pages   = {5983-5994},
  year    = {2006}
}